<record><leader>00000cas a22000007a 4500</leader><controlfield tag="001">14228451</controlfield><controlfield tag="008">860917u1941uuuutxuwr ne      0    0eng d</controlfield><datafield ind1=" " ind2=" " tag="010"><subfield code="a">sn 86088995 </subfield></datafield><datafield ind1=" " ind2=" " tag="040"><subfield code="a">PPM</subfield><subfield code="b">eng</subfield><subfield code="c">PPM</subfield><subfield code="d">OCLCQ</subfield></datafield><datafield ind1=" " ind2=" " tag="042"><subfield code="a">msc</subfield></datafield><datafield ind1="0" ind2="0" tag="245"><subfield code="a">O'Donnell press and the O'Donnell index.</subfield></datafield><datafield ind1=" " ind2=" " tag="260"><subfield code="a">O'Donnell, Tex. :</subfield><subfield code="b">William G. Forgy,</subfield><subfield code="c">1941.</subfield></datafield><datafield ind1=" " ind2=" " tag="300"><subfield code="a">v. :</subfield><subfield code="b">ill.</subfield></datafield><datafield ind1=" " ind2=" " tag="310"><subfield code="a">Weekly</subfield></datafield><datafield ind1="0" ind2=" " tag="362"><subfield code="a">Vol. 4, no. 34 (Nov. 14,1941)-</subfield></datafield><datafield ind1=" " ind2=" " tag="752"><subfield code="a">United States</subfield><subfield code="b">Texas</subfield><subfield code="c">Lynn</subfield><subfield code="d">O'Donnell.</subfield></datafield><datafield ind1="0" ind2="0" tag="780"><subfield code="t">O'Donnell press</subfield></datafield><datafield ind1="0" ind2="5" tag="780"><subfield code="t">O'Donnell index</subfield></datafield><datafield ind1="0" ind2="0" tag="785"><subfield code="t">O'Donnell index-press</subfield></datafield><datafield ind1="1" ind2=" " tag="029"><subfield code="a">AU@</subfield><subfield code="b">000025838397</subfield></datafield></record>